#FLAGGA 0
#PROGRAM "Testbokf”ring" "1.0"
#FORMAT PC8
#GEN 20260301
#SIETYP 4
#ORGNR 556011-2233
#FNAMN "Fikabr”d & Kaffe AB"
#KONTO 1930 "F”retagskonto"
#KONTO 6110 "Kontorsmateriel Ҷ„” ҸҺҷ"
#VER A 1 20260315 "Ink”p kontorsmaterial"
{
#TRANS 6110 {} 100.00
#TRANS 2641 {} 25.00
#TRANS 1930 {} -125.00
}
#VER A 2 20260316 "Obalanserad verifikation"
{
#TRANS 6110 {} 50.00
#TRANS 1930 {} -49.00
}
